<record><leader>00000cas a22000007a 4500</leader><controlfield tag="001">12087671</controlfield><controlfield tag="008">850528d18591869inuwr ne      0    0eng d</controlfield><datafield ind1=" " ind2=" " tag="010"><subfield code="a">sn 85047917 </subfield></datafield><datafield ind1=" " ind2=" " tag="040"><subfield code="a">NPI</subfield><subfield code="b">eng</subfield><subfield code="c">NPI</subfield><subfield code="d">OCLCQ</subfield></datafield><datafield ind1=" " ind2=" " tag="042"><subfield code="a">msc</subfield></datafield><datafield ind1="0" ind2=" " tag="130"><subfield code="a">Scott County argus (Austin, Ind.)</subfield></datafield><datafield ind1="1" ind2="0" tag="245"><subfield code="a">Scott County argus.</subfield></datafield><datafield ind1=" " ind2=" " tag="260"><subfield code="a">Austin, Ind. :</subfield><subfield code="b">Cope &amp; Kuhns</subfield></datafield><datafield ind1=" " ind2=" " tag="300"><subfield code="a">v. :</subfield><subfield code="b">ill. (chiefly advertisements)</subfield></datafield><datafield ind1=" " ind2=" " tag="310"><subfield code="a">Weekly</subfield></datafield><datafield ind1="1" ind2=" " tag="362"><subfield code="a">Began in 1859; ceased in 1869</subfield><subfield code="z">Cf. Miller, John W. Indiana newspaper bibliog.</subfield></datafield><datafield ind1=" " ind2=" " tag="588"><subfield code="a">Description based on: Vol. 2, no. 8 (Dec. 12, 1860).</subfield></datafield><datafield ind1=" " ind2=" " tag="752"><subfield code="a">United States</subfield><subfield code="b">Indiana</subfield><subfield code="c">Scott</subfield><subfield code="d">Austin.</subfield></datafield><datafield ind1="0" ind2="0" tag="785"><subfield code="t">Austin news (Austin, Ind.)</subfield><subfield code="w">(DLC)sn 84027306</subfield></datafield></record>